@MISC {handbook,
    author       = "Slavko Žitnik and Erik Štrumbelj",
    title        = "Introduction to data science handbook",
    howpublished = "\url{https://fri-datascience.github.io/course_ids/handbook/}"
}

@article{genecap_ampident,
    author = {Drechsler, Axel and Helling, Tobias and Steinfartz, Sebastian},
    title = {Genetic fingerprinting proves cross-correlated automatic photo-identification of individuals as highly efficient in large capture–mark–recapture studies},
    journal = {Ecology and Evolution},
    volume = {5},
    number = {1},
    pages = {141-151},
    keywords = {GENECAP, noninvasive individual recognition, shape patterns, single-use application, standardized cross-correlation, Wild-ID},
    doi = {https://doi.org/10.1002/ece3.1340},
    url = {https://onlinelibrary.wiley.com/doi/abs/10.1002/ece3.1340},
    eprint = {https://onlinelibrary.wiley.com/doi/pdf/10.1002/ece3.1340},
    year = {2015}
}

@article{ident_comparison,
    author = {Matthé, Maximilian and Sannolo, Marco and Winiarski, Kristopher and Spitzen - van der Sluijs, Annemarieke and Goedbloed, Daniel and Steinfartz, Sebastian and Stachow, Ulrich},
    title = {Comparison of photo-matching algorithms commonly used for photographic capture–recapture studies},
    journal = {Ecology and Evolution},
    volume = {7},
    number = {15},
    pages = {5861-5872},
    keywords = {AmphIdent, APHIS, capture–recapture, I3S, photographic identification, Wild-ID},
    doi = {https://doi.org/10.1002/ece3.3140},
    url = {https://onlinelibrary.wiley.com/doi/abs/10.1002/ece3.3140},
    eprint = {https://onlinelibrary.wiley.com/doi/pdf/10.1002/ece3.3140},
    year = {2017}
}

@misc{simpnet,
      title={Towards Principled Design of Deep Convolutional Networks: Introducing SimpNet}, 
      author={Seyyed Hossein Hasanpour and Mohammad Rouhani and Mohsen Fayyaz and Mohammad Sabokrou and Ehsan Adeli},
      year={2018},
      eprint={1802.06205},
      archivePrefix={arXiv},
      primaryClass={cs.CV}
}